<?xml version="1.0" encoding="UTF-8"?><collection xmlns="http://www.loc.gov/MARC21/slim"><record><leader>00457nam--2200133-i-4500</leader><controlfield tag="001">000045217</controlfield><controlfield tag="002">20161230</controlfield><controlfield tag="005">20161230201044</controlfield><controlfield tag="008">060222s1000------------r-----000-0-eng-d</controlfield><datafield ind1=" " ind2=" " tag="080"><subfield code="a">533.5</subfield></datafield><datafield ind1=" " ind2=" " tag="245"><subfield code="a">Techniques et appl.de l`ultravide. recueil des travaux des sessiions de perfectionement, inst.nat.des sc.....</subfield></datafield><datafield ind1=" " ind2=" " tag="260"><subfield code="a">Paris, Masson Et C-ie, 1969. Vii + 200 P</subfield></datafield><datafield ind1=" " ind2=" " tag="490"><subfield code="a">Monographies Du Centre D`Actualisation Scientifique Et Technique</subfield></datafield><datafield ind1=" " ind2=" " tag="852"><subfield code="a">31493</subfield></datafield></record></collection>